<?xml version="1.0" encoding="UTF-8"?><collection xmlns="http://www.loc.gov/MARC21/slim"><record><leader>00536nam--2200181-u-4500</leader><controlfield tag="001">000053552</controlfield><controlfield tag="002">20161230</controlfield><controlfield tag="005">20161230201051</controlfield><controlfield tag="008">110426s1000------------r-----000-0-fre-d</controlfield><datafield ind1=" " ind2=" " tag="040"><subfield code="a">IFIN-HH</subfield></datafield><datafield ind1=" " ind2=" " tag="041"><subfield code="a">fre</subfield></datafield><datafield ind1=" " ind2=" " tag="080"><subfield code="a">535.37(043)</subfield></datafield><datafield ind1="1" ind2=" " tag="100"><subfield code="a">Aicardi, Jean Pierre</subfield></datafield><datafield ind1="1" ind2="0" tag="245"><subfield code="a">CONTRIBUTION A L'ETUDE DES LARGES BANDES D'EMISSION DU CINABRE (HgS. )</subfield><subfield code="b">These</subfield><subfield code="c">Hjean pierre aicardi</subfield></datafield><datafield ind1=" " ind2=" " tag="260"><subfield code="b">Centre Universitaire De Perpignan</subfield><subfield code="c">1977</subfield></datafield><datafield ind1=" " ind2=" " tag="300"><subfield code="a">174P. + BIBLIOGRAPHIE</subfield></datafield><datafield ind1=" " ind2=" " tag="852"><subfield code="a">46861</subfield><subfield code="c">535.37</subfield></datafield><datafield ind1=" " ind2=" " tag="CAT"><subfield code="a">Sys</subfield><subfield code="c">20110426</subfield><subfield code="h">153625</subfield></datafield></record></collection>